@InProceedings{joyflick,
  title={フリック入力に基づくゲームパッド向けかな文字入力手法},
  author={横山海青 and 髙倉礼 and 志築文太郎},
  publisher={日本ソフトウェア科学会},
  pages={97-102},
  year={2020},
}

@article{SensoryConflictTheory,
  title={ゲームソフトが人間に与える影響に関する調査報告書},
  journal={財団法人イメージ情報科学研究所},
  year={2003},
  publisher={財団法人イメージ情報科学研究所}
}

@InProceedings{driving_vive,
  title={ドライビング・シミュレータ酔の抑制にモーション機能が与える効果},
  author={王 星: 小澤 惇一: 奥田 翔: 椎名 司: 増田 修: 河合 敦夫: 井須 尚紀},
  publisher={第8回情報科学技術フォーラム},
  year={2009},
}

@InProceedings{cybsick_not_sickness,
  title={Cybersickness is not simulator sickness},
  author={Stanney, K. M.; Kennedy, R. S.; Drexler, J. M.},
  publisher={Human Factors and Ergonomics Society Annual Meeting},
  volume={41},
  pages={1138-1142},
  year={1997},
}

@InProceedings{cybsick_delay_by_vibrate,
  title={VR酔いの発生を遅延させる振動の効果についての実験的検討},
  author={齋藤 真里: 原田 竜彦: 前田佑輔},
  publisher={バーチャルリアリティ学会大会論文集},
  volume={25},
  year={2020},
}

@InProceedings{spatial_stimulation_effect_falling,
  title={VR空間における視覚刺激によって発生する落下感覚の分析},
  author={奥川 夏輝 : 橋口 哲志 : 柴田 史久 : 木村 朝子 : 古賀 宥摩 : 石津航大},
  publisher={第22回日本バーチャルリアリティ学会大会論文集(2017年9月)},
  pages={2A2-06},
  year={2017},
}

@article{feedback,
  title={虚偽情報フィードバックを用いた生体情報の制御手法},
  author={中村憲史 and 片山拓也 and 寺田努 and 塚本昌彦},
  journal={情報処理学会論文誌},
  volume={54},
  number={4},
  pages={1433-1441},
  year={2013},
  publisher={一般社団法人情報処理学会}
}

@InProceedings{kajiyama15:_shapio,
  author =       {Kajiyama, Hayato and Inoue, Akifumi and Hoshi, Tohru},
  title =        {SHAPIO: Shape I/O Controller for Video Games},
  booktitle = {Proceedings of the 2015 Annual Symposium on Computer-Human Interaction in Play},
  year =      2015,
  series =    {CHI PLAY'15},
  pages =     {565--570},
  publisher = {ACM}}

@InProceedings{翔悟17,
  author =       {{岡崎 翔悟} and {井上 亮文} and {星 徹}},
  title =        {レトロネイザル嗅覚の刺激による摂食物の風味増強システムの開発},
  booktitle = {情報処理学会研究報告},
  year =      2017,
  volume =    {2017-GN-101},
  number =    8,
  pages =     {1--6},
  month =     Mar}

